@book{Lakshmanan, 
author={Valliappa Lakshmanan},
title={}
publisher={},
year={2018}
}